<record><leader>00000cas a22000007a 4500</leader><controlfield tag="001">21894866</controlfield><controlfield tag="008">900621d19261981mouwr ne      0    0eng d</controlfield><datafield ind1=" " ind2=" " tag="010"><subfield code="a">sn 90061951 </subfield></datafield><datafield ind1=" " ind2=" " tag="040"><subfield code="a">MQN</subfield><subfield code="b">eng</subfield><subfield code="c">MQN</subfield><subfield code="d">OCLCQ</subfield></datafield><datafield ind1=" " ind2=" " tag="042"><subfield code="a">msc</subfield></datafield><datafield ind1="0" ind2=" " tag="130"><subfield code="a">Raytown news (Raytown, Mo. : 1926)</subfield></datafield><datafield ind1="1" ind2="4" tag="245"><subfield code="a">The Raytown news.</subfield></datafield><datafield ind1=" " ind2=" " tag="260"><subfield code="a">Raytown, Mo. :</subfield><subfield code="b">J.A. Pollit,</subfield><subfield code="c">1926-1981.</subfield></datafield><datafield ind1=" " ind2=" " tag="300"><subfield code="a">v.</subfield></datafield><datafield ind1=" " ind2=" " tag="310"><subfield code="a">Weekly</subfield></datafield><datafield ind1="1" ind2=" " tag="362"><subfield code="a">Vol. 1, no. 1 (Dec. 30, 1926)-v. 55, no. 4 (Nov. 4, 1981).</subfield></datafield><datafield ind1=" " ind2=" " tag="580"><subfield code="a">Other editions published: Raytown news-tribune, Sept. 5, 1974-&lt;Aug. 22, 1979&gt;; Raytown dispatch-tribune, &lt;Sept. 5, 1979&gt;-Nov. 4, 1981.</subfield></datafield><datafield ind1=" " ind2="4" tag="651"><subfield code="a">Raytown (Mo.)</subfield><subfield code="v">Newspapers.</subfield></datafield><datafield ind1=" " ind2=" " tag="752"><subfield code="a">United States</subfield><subfield code="b">Missouri</subfield><subfield code="c">Jackson</subfield><subfield code="d">Raytown.</subfield></datafield><datafield ind1="1" ind2=" " tag="775"><subfield code="t">Raytown news-tribune</subfield><subfield code="w">(DLC)sn 92058877</subfield></datafield><datafield ind1="1" ind2=" " tag="775"><subfield code="t">Raytown dispatch-tribune</subfield><subfield code="w">(DLC)sn 93060000</subfield></datafield><datafield ind1="0" ind2="0" tag="785"><subfield code="t">Raytown dispatch</subfield><subfield code="w">(DLC)sn 90061952</subfield></datafield><datafield ind1="1" ind2=" " tag="029"><subfield code="a">AU@</subfield><subfield code="b">000025857159</subfield></datafield></record>